%% This BibTeX bibliography file was created using BibDesk.
%% http://bibdesk.sourceforge.net/


%% Created for Anand Patel at 2014-05-23 01:45:36 -0400 


%% Saved with string encoding Unicode (UTF-8) 

@Misc{		  oss:14,
  author	= {{Osserman}, B.},
  title		= {Limit linear series moduli stacks in higher rank},
  note		= {Preprint},
  archiveprefix	= "arXiv",
  eprint	= {1405.2937},
  primaryclass	= "math.AG",
  year		= 2014,
  month		= may
}

@article{1064-5632-63-6-A03,
  author={Vik S Kulikov},
  title={On Chisini's conjecture},
  journal={Izvestiya: Mathematics},
  volume={63},
  number={6},
  pages={1139},
  url={http://stacks.iop.org/1064-5632/63/i=6/a=A03},
  year={1999}
}

@article{GOLDBERG1991129,
title = "Catalan numbers and branched coverings by the Riemann sphere",
journal = "Advances in Mathematics",
volume = "85",
number = "2",
pages = "129 - 144",
year = "1991",
issn = "0001-8708",
doi = "https://doi.org/10.1016/0001-8708(91)90052-9",
url = "http://www.sciencedirect.com/science/article/pii/0001870891900529",
author = "Lisa R Goldberg"
}


@article{sottile2000,
author = "Sottile, Frank",
fjournal = "Experimental Mathematics",
journal = "Experiment. Math.",
number = "2",
pages = "161--182",
publisher = "A K Peters, Ltd.",
title = "Real Schubert calculus: polynomial systems and a conjecture of Shapiro and Shapiro",
url = "https://projecteuclid.org:443/euclid.em/1045952343",
volume = "9",
year = "2000"
}



@article{Erem/Gabr1,
 ISSN = {0003486X},
 URL = {http://www.jstor.org/stable/3062151},
 author = {A. Eremenko and A. Gabrielov},
 journal = {Annals of Mathematics},
 number = {1},
 pages = {105--129},
 publisher = {Annals of Mathematics},
 title = {Rational Functions with Real Critical Points and the B. and M. Shapiro Conjecture in Real Enumerative Geometry},
 volume = {155},
 year = {2002}
}



@Article{Flenner2004,
author="Flenner, Hubert
and Manaresi, Mirella",
title="A note on generic projections",
journal="Mathematische Zeitschrift",
year="2004",
month="Mar",
day="01",
volume="246",
number="3",
pages="619--623",
}



@article {MANAFlenn:,
author = {Flenner, Hubert and Manaresi, Mirella},
title = {Variation of Ramification Loci of Generic Projections},
journal = {Mathematische Nachrichten},
volume = {194},
number = {1},
publisher = {WILEY-VCH Verlag},
issn = {1522-2616},
url = {http://dx.doi.org/10.1002/mana.19981940107},
doi = {10.1002/mana.19981940107},
pages = {79--92},
keywords = {Ramification cycle, intersection, linear projection},
year = {1998},
}



@article {bopp5,
  AUTHOR = {{B}opp, C.},
   TITLE = {Syzygies of $5$-gonal canonical curves},
   JOURNAL = {arXiv:1404.7851},
   URL = {http://arxiv.org/pdf/1404.7851v1.pdf},
   Archiveprefix = {arXiv},
   YEAR = {2014}
   }


@article {schreyer-scroll,
    AUTHOR = {Schreyer, Frank-Olaf},
     TITLE = {Syzygies of canonical curves and special linear series},
   JOURNAL = {Math. Ann.},
  FJOURNAL = {Mathematische Annalen},
    VOLUME = {275},
      YEAR = {1986},
    NUMBER = {1},
     PAGES = {105--137},
      ISSN = {0025-5831},
     CODEN = {MAANA},
       DOI = {10.1007/BF01458587},
       URL = {http://dx.doi.org/10.1007/BF01458587},
}


@article {ballico-scrollar,
    AUTHOR = {{B}allico, E.},
     TITLE = {Smooth curves with a pencil with certain scrollar invariants},
   JOURNAL = {Kyushu J. Math.},
  FJOURNAL = {Kyushu Journal of Mathematics},
    VOLUME = {57},
      YEAR = {2003},
    NUMBER = {2},
     PAGES = {217--226},
      ISSN = {1340-6116},
       DOI = {10.2206/kyushujm.57.217},
       URL = {http://dx.doi.org/10.2206/kyushujm.57.217},
}


@article {clebsch-irreducibility,
    AUTHOR = {{C}lebsch, A.},
     TITLE = {Zur {T}heorie der {R}iemann'schen {F}l\"ache},
   JOURNAL = {Math. Ann.},
  FJOURNAL = {Mathematische Annalen},
    VOLUME = {6},
      YEAR = {1873},
    NUMBER = {2},
     PAGES = {216--230},
      ISSN = {0025-5831},
       DOI = {10.1007/BF01443193},
       URL = {http://dx.doi.org/10.1007/BF01443193},
}


@article {farkas-koszul,
    AUTHOR = {Farkas, Gavril},
     TITLE = {Koszul divisors on moduli spaces of curves},
   JOURNAL = {Amer. J. Math.},
  FJOURNAL = {American Journal of Mathematics},
    VOLUME = {131},
      YEAR = {2009},
    NUMBER = {3},
     PAGES = {819--867},
      ISSN = {0002-9327},
     CODEN = {AJMAAN},
       DOI = {10.1353/ajm.0.0053},
       URL = {http://dx.doi.org/10.1353/ajm.0.0053},
}


@article {diaz-complete,
    AUTHOR = {Diaz, Steven},
     TITLE = {A bound on the dimensions of complete subvarieties of {${\cal
              M}_{g}$}},
   JOURNAL = {Duke Math. J.},
  FJOURNAL = {Duke Mathematical Journal},
    VOLUME = {51},
      YEAR = {1984},
    NUMBER = {2},
     PAGES = {405--408},
      ISSN = {0012-7094},
     CODEN = {DUMJAO},
       DOI = {10.1215/S0012-7094-84-05119-6},
       URL = {http://dx.doi.org/10.1215/S0012-7094-84-05119-6},
}

@article {pand-pix,
  AUTHOR = {{P}andharipande, R. and {P}ixton, A.},
   TITLE = {Relations in the tautological ring of the moduli space of curves},
   JOURNAL = {arXiv:1301.4561},
   URL = {http://arxiv.org/pdf/1301.4561v1.pdf},
   Archiveprefix = {arXiv},
   YEAR = {2013}
   }



@article {bujokas-patel,
  AUTHOR = {{B}ujokas, G. and {P}atel, A.},
   TITLE = {Invariants of a general branched cover of ${\bf P}^{1}$},
   JOURNAL = {arXiv:1504.03756},
   URL = {http://arxiv.org/pdf/1504.03756v1.pdf},
   Archiveprefix = {arXiv},
   YEAR = {2015}
   }


@article{Casnati-bielliptic,
author = {Casnati,G.},
title = {The cover associated to a (1,3)-polarized bielliptic abelian surface and its branch locus},
journal = {Proceedings of the Edinburgh Mathematical Society (Series 2)},
volume = {42},
issue = {02},
month = {6},
year = {1999},
issn = {1464-3839},
pages = {375--392},
numpages = {18},
doi = {10.1017/S0013091500020319},
URL = {http://journals.cambridge.org/article_S0013091500020319},
}

@article {harris-monodromy,
    AUTHOR = {Eisenbud, D. and Elkies, N. and Harris, J. and Speiser,
              R.},
     TITLE = {On the {H}urwitz scheme and its monodromy},
   JOURNAL = {Compositio Math.},
  FJOURNAL = {Compositio Mathematica},
    VOLUME = {77},
      YEAR = {1991},
    NUMBER = {1},
     PAGES = {95--117},
      ISSN = {0010-437X},
     CODEN = {CMPMAF},
MRREVIEWER = {R. F. Lax},
       URL = {http://www.numdam.org/item?id=CM_1991__77_1_95_0},
}


@article{bopp-hoff,
year={2015},
issn={0003-889X},
journal={Archiv der Mathematik},
doi={10.1007/s00013-015-0794-x},
title={Resolutions of general canonical curves on rational normal scrolls},
url={http://dx.doi.org/10.1007/s00013-015-0794-x},
publisher={Springer Basel},
keywords={13D02; 14Q05; 14H51; Syzygy modules; Relative canonical resolution; Balancedness},
author={Bopp, Christian and Hoff, Michael},
pages={1-11},
language={English}
}





@article{beorchia-zucconi2,
year={2014},
issn={0010-0757},
journal={Collectanea Mathematica},
doi={10.1007/s13348-014-0128-5},
title={A note on Harris Morrison sweeping families},
url={http://dx.doi.org/10.1007/s13348-014-0128-5},
publisher={Springer Milan},
keywords={Moduli of curves; Fibration; Gonality; Primary 14D22; 14H51; Secondary 14H10},
author={Beorchia, Valentina and Zucconi, Francesco},
pages={1-12},
language={English}
}

@article {beorchia-zucconi1,
  AUTHOR = {{B}eorchia, V. and {Z}ucconi, F.},
   TITLE = {The slope conjecture for the fourgonal locus},
   JOURNAL = {arXiv:1209.3571v3},
   URL = {http://arxiv.org/pdf/1209.3571v3.pdf},
   Archiveprefix = {arXiv},
   YEAR = {2012}
   }

@article {konno2,
    AUTHOR = {Konno, Kazuhiro},
     TITLE = {Clifford index and the slope of fibered surfaces},
   JOURNAL = {J. Algebraic Geom.},
  FJOURNAL = {Journal of Algebraic Geometry},
    VOLUME = {8},
      YEAR = {1999},
    NUMBER = {2},
     PAGES = {207--220},
      ISSN = {1056-3911},
MRREVIEWER = {Margarida Mendes Lopes},
}

@article {konno1,
    AUTHOR = {Konno, Kazuhiro},
     TITLE = {A lower bound of the slope of trigonal fibrations},
   JOURNAL = {Internat. J. Math.},
  FJOURNAL = {International Journal of Mathematics},
    VOLUME = {7},
      YEAR = {1996},
    NUMBER = {1},
     PAGES = {19--27},
      ISSN = {0129-167X},
MRREVIEWER = {Giorgio Bolondi},
       DOI = {10.1142/S0129167X96000037},
       URL = {http://dx.doi.org/10.1142/S0129167X96000037},
}


@article {chen-farkas,
  AUTHOR = {{C}hen, D. and {F}arkas, G.},
   TITLE = {Effective divisors on moduli spaces},
   JOURNAL = {arXiv:1205.6138v2}
   URL = {http://arxiv.org/pdf/1205.6138.pdf},
   Archiveprefix = {arXiv}
   YEAR = {2012}
   }

@article {church-stability,
    AUTHOR = {Church, Thomas},
     TITLE = {Homological stability for configuration spaces of manifolds},
   JOURNAL = {Invent. Math.},
  FJOURNAL = {Inventiones Mathematicae},
    VOLUME = {188},
      YEAR = {2012},
    NUMBER = {2},
     PAGES = {465--504},
      ISSN = {0020-9910},
     CODEN = {INVMBH},
MRREVIEWER = {Donald W. Kahn},
       DOI = {10.1007/s00222-011-0353-4},
       URL = {http://dx.doi.org/10.1007/s00222-011-0353-4},
}

@article {vakil-wood,
  AUTHOR = {Vakil, R. and Wood, M.},
   TITLE = {Discriminants in the Grothendieck Ring},
   JOURNAL = {arXiv:1208.3166v2}
   URL = {http://arxiv.org/abs/1208.3166v2},
   Archiveprefix = {arXiv}
   YEAR = {2013}
}

@article {tommasi-hypersurfaces,
    AUTHOR = {Tommasi, Orsola},
     TITLE = {Stable cohomology of spaces of non-singular hypersurfaces},
   JOURNAL = {Adv. Math.},
  FJOURNAL = {Advances in Mathematics},
    VOLUME = {265},
      YEAR = {2014},
     PAGES = {428--440},
      ISSN = {0001-8708},
MRREVIEWER = {Sergio L. Cacciatori},
       DOI = {10.1016/j.aim.2014.08.005},
       URL = {http://dx.doi.org/10.1016/j.aim.2014.08.005},
}

@incollection {faber-tautological,
    AUTHOR = {Faber, Carel},
     TITLE = {A conjectural description of the tautological ring of the
              moduli space of curves},
 BOOKTITLE = {Moduli of curves and abelian varieties},
    SERIES = {Aspects Math., E33},
     PAGES = {109--129},
 PUBLISHER = {Vieweg, Braunschweig},
      YEAR = {1999},
MRREVIEWER = {Elham Izadi},
}

@article {edidin-severi,
    AUTHOR = {Edidin, Dan},
     TITLE = {Picard groups of {S}everi varieties},
   JOURNAL = {Comm. Algebra},
  FJOURNAL = {Communications in Algebra},
    VOLUME = {22},
      YEAR = {1994},
    NUMBER = {6},
     PAGES = {2073--2081},
      ISSN = {0092-7872},
       DOI = {10.1080/00927879408824956},
       URL = {http://dx.doi.org/10.1080/00927879408824956},
}



@article {maroni,
    AUTHOR = {Maroni, Arturo},
     TITLE = {Le serie lineari speciali sulle curve trigonali},
   JOURNAL = {Ann. Mat. Pura Appl. (4)},
  FJOURNAL = {Annali di Matematica Pura ed Applicata. Serie Quarta},
    VOLUME = {25},
      YEAR = {1946},
     PAGES = {343--354},
      ISSN = {0003-4622},
MRREVIEWER = {W. Burau},
}

@article {vistoli-quotient,
    AUTHOR = {Vistoli, Angelo},
     TITLE = {Chow groups of quotient varieties},
   JOURNAL = {J. Algebra},
  FJOURNAL = {Journal of Algebra},
    VOLUME = {107},
      YEAR = {1987},
    NUMBER = {2},
     PAGES = {410--424},
      ISSN = {0021-8693},
     CODEN = {JALGA4},
MRREVIEWER = {G. Horrocks},
       DOI = {10.1016/0021-8693(87)90096-2},
       URL = {http://dx.doi.org/10.1016/0021-8693(87)90096-2},
}
		

@article {penev-vakil,
    AUTHOR = {Penev, N. and Vakil, R.},
     TITLE = {The Chow ring of the moduli space
of curves of genus six},
   JOURNAL = {Algebraic Geometry},
    VOLUME = {2},
      YEAR = {2015},
    NUMBER = {1},
     PAGES = {123-136},
       DOI = {10.14231/AG-2015-006},
       URL = {http://algebraicgeometry.nl/2015-1/2015-1-006.pdf}

@article {kazaryan-lando,
    AUTHOR = {Kazaryan, M. {\`E}. and Lando, S. K.},
     TITLE = {On intersection theory on {H}urwitz spaces},
   JOURNAL = {Izv. Ross. Akad. Nauk Ser. Mat.},
  FJOURNAL = {Rossi\u\i skaya Akademiya Nauk. Izvestiya. Seriya
              Matematicheskaya},
    VOLUME = {68},
      YEAR = {2004},
    NUMBER = {5},
     PAGES = {91--122},
      ISSN = {0373-2436},
   MRCLASS = {14H30 (14H10)},
  MRNUMBER = {2104851 (2005j:14035)},
MRREVIEWER = {Sergei V. Shadrin},
       DOI = {10.1070/IM2004v068n05ABEH000504},
       URL = {http://dx.doi.org/10.1070/IM2004v068n05ABEH000504},
}




@article{casnati:five,
	Author = {Casnati, Gianfranco},
	Date-Added = {2014-02-02 22:20:02 +0000},
	Date-Modified = {2014-02-02 22:21:00 +0000},
	Journal = {J. Algebraic Geom.},
	Number = {3},
	Pages = {461 -- 477},
	Title = {Covers of algebraic varieties. {II}. {C}overs of degree {$5$} and construction of surfaces},
	Volume = {5},
	Year = {1996}}

@article{casnati:trigconst,
	Author = {Casnati, Gianfranco},
	Date-Added = {2014-02-02 22:13:54 +0000},
	Date-Modified = {2014-02-02 22:15:35 +0000},
	Journal = {Trans. Amer. Math. Soc.},
	Number = {4},
	Pages = {1359--1378},
	Title = {Covers of algebraic varieties. {III}. {T}he discriminant of a cover of degree {$4$} and the trigonal construction},
	Volume = {350},
	Year = {1998}}

@article{recillas:73,
	Author = {Recillas, Sevin},
	Date-Added = {2014-02-02 22:07:32 +0000},
	Date-Modified = {2014-02-02 22:08:53 +0000},
	Journal = {Bol. Soc. Mat. Mexicana (2)},
	Pages = {59--63},
	Title = {Maps between {Hurwitz} spaces},
	Volume = 18,
	Year = 1973}

@article{diaz_harris_ideals,
	Author = {Diaz, Steven and Harris, Joe},
	Date-Added = {2014-01-30 18:11:15 +0000},
	Date-Modified = {2014-01-30 18:13:47 +0000},
	Journal = {Trans. Amer. Math. Soc.},
	Title = {Ideals associated to deformations of singular plane curves},
	Year = {1988}}

@book{Omeara73:Introd_To_Quadr_Forms,
	Author = {O. T. O'meara},
	Publisher = {Springer-Verlag},
	Title = {Introduction To Quadratic Forms},
	Year = 1973}

@misc{Lurie09:_Notes_From_Cours,
	Author = {Jacob Lurie},
	Note = {\Url{Http://Www-Math.Mit.Edu/~Lurie/937notes/937lecture2.Pdf}},
	Title = {Notes For The Course 18.937 At {Mit}},
	Year = 2009}

@book{Hudson69:_Piecew_Linear_Topol,
	Author = {J. F. P. Hudson},
	Publisher = {W. A. Benjamin, Inc},
	Title = {Piecewise Linear Topology},
	Year = 1969}

@book{Serre73:Cours_In_Arith,
	Author = {Jean-Pierre Serre},
	Publisher = {Springer-Verlag},
	Title = {A Course In Arithmetic},
	Year = 1973}

@book{Eisenbud95:Commut_Algeb,
	Author = {David Eisenbud},
	Publisher = {Springer},
	Title = {Commutative Algebra With A View Toward Algebraic Geometry},
	Year = 1995}

@book{Ahlfors79:Compl_Analy,
	Author = {Lars Ahlfors},
	Publisher = {Mcgraw-Hill},
	Title = {Complex Analysis},
	Year = 1979}

@article{Gm2,
	Author = {Mark Goresky And Robert Macpherson},
	Journal = {Inventiones {M}Athematicae},
	Title = {Intersection Homology {II}},
	Year = 1983}

@incollection{Haeflinger84:_Introd_To_Piecew_Linear_Inter_Homol,
	Author = {A. Haeflinger},
	Booktitle = {Intersection Cohomology},
	Editor = {Borel Et Al},
	Publisher = {Birkh\"Auser},
	Title = {Introduction To Piecewise Linear Intersection Homology},
	Year = 1984}

@incollection{Habegger84:_From_Pl_To_Sheaf_Theor,
	Author = {N. Habegger},
	Booktitle = {Intersection Cohomology},
	Editor = {Borel Et Al},
	Publisher = {Birkh\"Auser},
	Title = {From {Pl} To Sheaf Theory},
	Year = 1984}

@incollection{Borel84:_Sheaf_Theor_Inter_Cohom,
	Author = {Armand Borel},
	Booktitle = {Intersection Cohomology},
	Editor = {Borel Et Al},
	Publisher = {Birkh\"Auser},
	Title = {Sheaf Theoretic Intersection Cohomology},
	Year = 1984}

@book{Kirwan88:_Introd_To_Inter_Homol_Theor,
	Author = {Frances Kirwan},
	Edition = 1,
	Publisher = {Longman {S}Cientific \& {T}Echnical},
	Title = {An Introduction To Intersection Homology Theory},
	Year = 1988}

@article{Gm1,
	Author = {Mark Goresky And Robert Macpherson},
	Journal = {Topology},
	Pages = {135-162},
	Title = {Intersection Homology Theory},
	Volume = 19,
	Year = 1980}

@article{Kleiman07:_Devel_Of_Inter_Homol_Theor,
	Author = {Steven L. Kleiman},
	Journal = {Pure And {A}Pplied {M}Athematics {Q}Uarterly},
	Number = 1,
	Title = {The Development Of Intersection Homology Theory},
	Volume = 3,
	Year = 2007}

@book{Banagl00:_Topol_Invar_Of_Strat_Spaces,
	Author = {Markus Banagl},
	Publisher = {Springer},
	Title = {Topological Invariants Of Stratified Spaces},
	Year = 2000}

@book{Borel84:_Inter_Cohom,
	Editor = {Armand Borel},
	Publisher = {Birkh\"Auser},
	Title = {Intersection Cohomology},
	Year = 1984}

@book{Kashiwara90:_Sheav_Manif,
	Author = {Masaki Kashiwara And Pierre Schapira},
	Publisher = {Springer-Verlag},
	Title = {Sheaves On Manifolds},
	Year = 1990}

@book{Iversen86:_Cohom_Of_Sheav,
	Author = {Birger Iversen},
	Publisher = {Springer-Verlag},
	Title = {Cohomology Of Sheaves},
	Year = 1986}

@misc{Nocolaescu:_Deriv_Categ_Of_Sheav_And,
	Author = {Liviu I. Nocolaescu},
	Note = {\Url{Http://Www.Nd.Edu/~Lnicolae/Verdier-Ams.Pdf}},
	Title = {The Derived Category Of Sheaves And {P}Oincar\'e-{V}Erdier Duality}}

@article{Harris82:_Kodair_Dimen_Of_Modul_Space_Of_Curves,
	Author = {Harris, Joe And Mumford, David},
	Coden = {Invmbh},
	Doi = {10.1007/Bf01393371},
	Fjournal = {Inventiones Mathematicae},
	Issn = {0020-9910},
	Journal = {Invent. Math.},
	Mrclass = {14h10},
	Mrnumber = {Mr664324 (83i:14018)},
	Mrreviewer = {Yujiro Kawamata},
	Number = 1,
	Pages = {23--88},
	Title = {On The {K}odaira Dimension Of The Moduli Space Of Curves},
	Volume = 67,
	Year = 1982,
	Bdsk-Url-1 = {http://dx.doi.org/10.1007/Bf01393371}}

@article{Harris90:_Slopes_Of_Effec_Divis_Modul,
	Author = {Harris, Joe And Morrison, Ian},
	Coden = {Invmbh},
	Doi = {10.1007/Bf01234422},
	Fjournal = {Inventiones Mathematicae},
	Issn = {0020-9910},
	Journal = {Invent. Math.},
	Mrclass = {14h10},
	Mrnumber = {Mr1031904 (91d:14009)},
	Mrreviewer = {Mei Chu Chang},
	Number = 2,
	Pages = {321--355},
	Title = {Slopes Of Effective Divisors On The Moduli Space Of Stable Curves},
	Url = {Http://Dx.Doi.Org/10.1007/Bf01234422},
	Volume = 99,
	Year = 1990,
	Bdsk-Url-1 = {Http://Dx.Doi.Org/10.1007/Bf01234422},
	Bdsk-Url-2 = {http://dx.doi.org/10.1007/Bf01234422}}

@article{stankova,
	Author = {Stankova-Frenkel, Zvezdelina E.},
	Date-Modified = {2014-05-23 05:44:39 +0000},
	Fjournal = {Journal Of Algebraic Geometry},
	Issn = {1056-3911},
	Journal = {J. Algebraic Geom.},
	Mrreviewer = {R. F. Lax},
	Number = 4,
	Pages = {607--662},
	Title = {Moduli Of Trigonal Curves},
	Volume = 9,
	Year = 2000}

@article{bolognesi12:_stack,
	Author = {Bolognesi, Michele and Vistoli, Angelo},
	Coden = {TAMTAM},
	Doi = {10.1090/S0002-9947-2012-05370-0},
	Fjournal = {Transactions of the American Mathematical Society},
	Issn = {0002-9947},
	Journal = {Trans. Amer. Math. Soc.},
	Mrclass = {14D23 (14C22 14H10)},
	Mrnumber = 2901217,
	Mrreviewer = {Hsian-Hua Tseng},
	Number = 7,
	Pages = {3365--3393},
	Title = {Stacks of trigonal curves},
	Volume = 364,
	Year = 2012,
	Bdsk-Url-1 = {http://dx.doi.org/10.1090/S0002-9947-2012-05370-0}}

@article{diaz96:_towar_homol_of_hurwit_spaces,
	Author = {Diaz, Steven and Edidin, Dan},
	Coden = {JDGEAS},
	Fjournal = {Journal of Differential Geometry},
	Issn = {0022-040X},
	Journal = {J. Differential Geom.},
	Mrclass = {14H30 (14F25 14H10)},
	Mrnumber = {MR1424420 (98e:14028)},
	Mrreviewer = {Konrad Drechsler},
	Number = 1,
	Pages = {66--98},
	Title = {Towards the homology of {H}urwitz spaces},
	Volume = 43,
	Year = 1996}

@incollection{diaz88:_geomet_of_sever_variet,
	Address = {Berlin},
	Author = {Diaz, Steven and Harris, Joe},
	Booktitle = {Algebraic geometry ({S}undance, {UT}, 1986)},
	Doi = {10.1007/BFb0082907},
	Mrclass = {14H10 (14C22 14N10)},
	Mrnumber = {MR951639 (89g:14014)},
	Mrreviewer = {R. F. Lax},
	Pages = {23--50},
	Publisher = {Springer},
	Series = {Lecture Notes in Math.},
	Title = {Geometry of {S}everi varieties. {II}. {I}ndependence of divisor classes and examples},
	Url = {http://dx.doi.org/10.1007/BFb0082907},
	Volume = 1311,
	Year = 1988,
	Bdsk-Url-1 = {http://dx.doi.org/10.1007/BFb0082907}}

@article{bayer95:_ribbon_and_their_canon_embed,
	Author = {Dave Bayer and David Eisenbud},
	Journal = {Transactions of the AMS},
	Number = 3,
	Pages = {719--756},
	Title = {Ribbons and their canonical embeddings},
	Volume = 347,
	Year = 1995}

@book{hartshorne10:_defor,
	Address = {New York},
	Author = {Hartshorne, Robin},
	Doi = {10.1007/978-1-4419-1596-2},
	Isbn = {978-1-4419-1595-5},
	Mrclass = {14D15 (13D10 14B07 14B12)},
	Mrnumber = {2583634 (2011c:14023)},
	Mrreviewer = {Arvid Siqveland},
	Pages = {viii+234},
	Publisher = {Springer},
	Series = {Graduate Texts in Mathematics},
	Title = {Deformation theory},
	Url = {http://dx.doi.org/10.1007/978-1-4419-1596-2},
	Volume = 257,
	Year = 2010,
	Bdsk-Url-1 = {http://dx.doi.org/10.1007/978-1-4419-1596-2}}

@article{alper10:_singul_with_f_g_it,
	Author = {Jarod Alper and Maksym Fedorchuk and David Smyth},
	Journal = {Preprint},
	Title = {Singularities with a {${\bf G}_{\it m}$} action and the log minimal model program for $\overline{M_g}$},
	Year = 2010}

@article{hanspeter89:_picar_group_of_g_variet,
	Author = {Friedrich Knop and Hanspeter Kraft and Thierry Vust},
	Journal = {Algebraische Transformationsgruppen und Invariantentheorie},
	Title = {The {Picard} group of a {$G$}-variety},
	Year = 1989}

@article{casnati96:_cover_of_algeb_variet_i,
	Author = {Gianfranco Casnati and Torsten Ekedahl},
	Fjournal = {Journal of Algebraic Geometry},
	Journal = {J. Algebraic Geom.},
	Pages = {439--460},
	Title = {Covers of algebraic varieties. {I}. {A} general structure theorem, covers of degree 3, 4 and {Enriques}' surfaces},
	Volume = 5,
	Year = 1996}

@article{cornalba88:_divis,
	Author = {Cornalba, Maurizio and Harris, Joe},
	Coden = {ASENAH},
	Fjournal = {Annales Scientifiques de l'\'Ecole Normale Sup\'erieure. Quatri\`eme S\'erie},
	Issn = {0012-9593},
	Journal = {Ann. Sci. \'Ecole Norm. Sup. (4)},
	Mrclass = {14H10 (14D20)},
	Mrnumber = {974412 (89j:14019)},
	Mrreviewer = {Eckart Viehweg},
	Number = 3,
	Pages = {455--475},
	Title = {Divisor classes associated to families of stable varieties, with applications to the moduli space of curves},
	Volume = 21,
	Year = 1988}

@article{moriwaki98:_relat_bogom,
	Author = {Moriwaki, Atsushi},
	Doi = {10.1090/S0894-0347-98-00261-6},
	Fjournal = {Journal of the American Mathematical Society},
	Issn = {0894-0347},
	Journal = {J. Amer. Math. Soc.},
	Mrclass = {14H10 (14C20 14G40)},
	Mrnumber = {1488349 (99a:14034)},
	Mrreviewer = {Montserrat Teixidor i Bigas},
	Number = 3,
	Pages = {569--600},
	Title = {Relative {B}ogomolov's inequality and the cone of positive divisors on the moduli space of stable curves},
	Volume = 11,
	Year = 1998,
	Bdsk-Url-1 = {http://dx.doi.org/10.1090/S0894-0347-98-00261-6}}

@article{keel97:_quotien,
	Author = {Keel, Se{\'a}n and Mori, Shigefumi},
	Coden = {ANMAAH},
	Doi = {10.2307/2951828},
	Fjournal = {Annals of Mathematics. Second Series},
	Issn = {0003-486X},
	Journal = {Ann. of Math. (2)},
	Mrclass = {14D25 (14L30)},
	Mrnumber = {1432041 (97m:14014)},
	Mrreviewer = {Andrzej Bia{\l}ynicki-Birula},
	Number = 1,
	Pages = {193--213},
	Title = {Quotients by groupoids},
	Volume = 145,
	Year = 1997,
	Bdsk-Url-1 = {http://dx.doi.org/10.2307/2951828}}

@article{hassett03:_modul,
	Author = {Hassett, Brendan},
	Coden = {ADMTA4},
	Doi = {10.1016/S0001-8708(02)00058-0},
	Fjournal = {Advances in Mathematics},
	Issn = {0001-8708},
	Journal = {Adv. Math.},
	Mrclass = {14H10 (14D22 14E30)},
	Mrnumber = {1957831 (2004b:14040)},
	Mrreviewer = {Ivan S. Kausz},
	Number = 2,
	Pages = {316--352},
	Title = {Moduli spaces of weighted pointed stable curves},
	Volume = 173,
	Year = 2003,
	Bdsk-Url-1 = {http://dx.doi.org/10.1016/S0001-8708(02)00058-0}}

@inproceedings{teissier80:_resol_i,
	Author = {Teissier, Bernard},
	Booktitle = {S\'eminaire sur les Singularit\'es des Surfaces},
	Pages = {71--81},
	Publisher = {Springer, Berlin},
	Series = {Lecture Notes in Mathematics},
	Title = {R\'esolution simultan\'ee, {I}},
	Volume = 777,
	Year = 1980}

@article{hurwitz91:_ueber_rieman_fl,
	Author = {A. Hurwitz},
	Journal = {Mathematische Annalen},
	Pages = {1--61},
	Title = {Ueber {R}iemann'sche {F}l\"achen mit gegebenen {V}erzweigungspunkten},
	Volume = 39,
	Year = 1891}

@article{fulton69:_hurwit_schem_irred_modul_algeb_curves,
	Author = {Fulton, William},
	Copyright = {Copyright {\copyright} 1969 Annals of Mathematics},
	Issn = {0003486X},
	Journal = {The Annals of Mathematics},
	Jstor_Articletype = {research-article},
	Jstor_Formatteddate = {Nov., 1969},
	Language = {English},
	Number = 3,
	Pages = {pp. 542-575},
	Publisher = {Annals of Mathematics},
	Series = {Second Series},
	Title = {Hurwitz Schemes and Irreducibility of Moduli of Algebraic Curves},
	Volume = 90,
	Year = 1969}

@article{fedorchuk10:_modul_hyp,
	Adsnote = {Provided by the SAO/NASA Astrophysics Data System},
	Adsurl = {http://adsabs.harvard.edu/abs/2010arXiv1007.4828F},
	Archiveprefix = {arXiv},
	Author = {{Fedorchuk}, M.},
	Eprint = {1007.4828},
	Journal = {arXiv:1007.4828 [math.AG]},
	Keywords = {Mathematics - Algebraic Geometry},
	Month = jul,
	Primaryclass = {math.AG},
	Title = {Moduli spaces of hyperelliptic curves with {A} and {D} singularities},
	Year = 2010}

@article{av02,
	Author = {Abramovich, Dan and Vistoli, Angelo},
	Doi = {10.1090/S0894-0347-01-00380-0},
	Fjournal = {Journal of the American Mathematical Society},
	Issn = {0894-0347},
	Journal = {J. Amer. Math. Soc.},
	Mrclass = {14H10 (14A20 14D20 14N35)},
	Mrnumber = {1862797 (2002i:14030)},
	Mrreviewer = {Tyler J. Jarvis},
	Number = 1,
	Pages = {27--75 (electronic)},
	Title = {Compactifying the space of stable maps},
	Volume = 15,
	Year = 2002,
	Bdsk-Url-1 = {http://dx.doi.org/10.1090/S0894-0347-01-00380-0}}

@article{acv:03,
	Author = {Abramovich, Dan and Corti, Alessio and Vistoli, Angelo},
	Coden = {COALDM},
	Doi = {10.1081/AGB-120022434},
	Fjournal = {Communications in Algebra},
	Issn = {0092-7872},
	Journal = {Comm. Algebra},
	Mrclass = {14H10 (14A20 14H30)},
	Mrnumber = {2007376 (2005b:14049)},
	Mrreviewer = {Andrew Kresch},
	Number = 8,
	Pages = {3547--3618},
	Title = {Twisted bundles and admissible covers},
	Volume = 31,
	Year = 2003,
	Bdsk-Url-1 = {http://dx.doi.org/10.1081/AGB-120022434}}

@article{poonen08,
	Author = {Poonen, Bjorn},
	Doi = {10.4171/JEMS/131},
	Fjournal = {Journal of the European Mathematical Society (JEMS)},
	Issn = {1435-9855},
	Journal = {J. Eur. Math. Soc. (JEMS)},
	Mrclass = {14D20 (13E10 13M99 14C05)},
	Mrnumber = {2421162 (2009d:14009)},
	Mrreviewer = {Zinovy Reichstein},
	Number = 3,
	Pages = {817--836},
	Title = {The moduli space of commutative algebras of finite rank},
	Volume = 10,
	Year = 2008,
	Bdsk-Url-1 = {http://dx.doi.org/10.4171/JEMS/131}}

@article{schubert91,
	Author = {Schubert, David},
	Coden = {CMPMAF},
	Fjournal = {Compositio Mathematica},
	Issn = {0010-437X},
	Journal = {Compos. Math.},
	Mrclass = {14H10},
	Mrnumber = {1106299 (92d:14018)},
	Mrreviewer = {R. F. Lax},
	Number = 3,
	Pages = {297--313},
	Title = {A new compactification of the moduli space of curves},
	Volume = 78,
	Year = 1991}

@article{hassett09:div,
	Author = {Hassett, Brendan and Hyeon, Donghoon},
	Coden = {TAMTAM},
	Doi = {10.1090/S0002-9947-09-04819-3},
	Fjournal = {Transactions of the American Mathematical Society},
	Issn = {0002-9947},
	Journal = {Trans. Amer. Math. Soc.},
	Mrclass = {14H10 (14E30)},
	Mrnumber = {2500894 (2009m:14039)},
	Mrreviewer = {Hsian-Hua Tseng},
	Number = 8,
	Pages = {4471--4489},
	Title = {Log canonical models for the moduli space of curves: the first divisorial contraction},
	Volume = 361,
	Year = 2009,
	Bdsk-Url-1 = {http://dx.doi.org/10.1090/S0002-9947-09-04819-3}}

@article{hassett_hyeon:first_flip,
	Author = {Hassett, Brendan and Hyeon, Donghoon},
	Coden = {ANMAAH},
	Doi = {10.4007/annals.2013.177.3.3},
	Fjournal = {Annals of Mathematics. Second Series},
	Issn = {0003-486X},
	Journal = {Ann. of Math. (2)},
	Mrclass = {14E30 (14H10 14L24)},
	Mrnumber = {3034291},
	Number = {3},
	Pages = {911--968},
	Title = {Log minimal model program for the moduli space of stable curves: the first flip},
	Volume = {177},
	Year = {2013},
	Bdsk-Url-1 = {http://dx.doi.org/10.4007/annals.2013.177.3.3}}

@article{mochizuki95:_hurwit,
	Author = {Mochizuki, Shinichi},
	Coden = {KRMPBV},
	Doi = {10.2977/prims/1195164048},
	Fjournal = {Kyoto University. Research Institute for Mathematical Sciences. Publications},
	Issn = {0034-5318},
	Journal = {Publ. Res. Inst. Math. Sci.},
	Mrreviewer = {Montserrat Teixidor i Bigas},
	Number = 3,
	Pages = {355--441},
	Title = {The geometry of the compactification of the {H}urwitz scheme},
	Volume = 31,
	Year = 1995,
	Bdsk-Url-1 = {http://dx.doi.org/10.2977/prims/1195164048}}

@article{horrocks64:_vector,
	Author = {Horrocks, G.},
	Fjournal = {Proceedings of the London Mathematical Society. Third Series},
	Issn = {0024-6115},
	Journal = {Proc. London Math. Soc. (3)},
	Mrclass = {14.55 (16.00)},
	Mrnumber = {0169877 (30 \#120)},
	Mrreviewer = {M. F. Atiyah},
	Pages = {689--713},
	Title = {Vector bundles on the punctured spectrum of a local ring},
	Volume = 14,
	Year = 1964}

@article{fedorchuk11:_ample_mmp_m,
	Author = {Fedorchuk, Maksym and Smyth, David Ishii},
	Doi = {10.1090/S1056-3911-2011-00547-X},
	Fjournal = {Journal of Algebraic Geometry},
	Issn = {1056-3911},
	Journal = {J. Algebraic Geom.},
	Mrclass = {14H10 (14C20 14D20 14N10)},
	Mrnumber = {2819671 (2012g:14049)},
	Mrreviewer = {Flaminio Flamini},
	Number = 4,
	Pages = {599--629},
	Title = {Ample divisors on moduli spaces of pointed rational curves},
	Volume = 20,
	Year = 2011,
	Bdsk-Url-1 = {http://dx.doi.org/10.1090/S1056-3911-2011-00547-X}}

@article{deligne69,
	Author = {Deligne, Pierre and Mumford, David},
	Fjournal = {Institut des Hautes \'Etudes Scientifiques. Publications Math\'ematiques},
	Issn = {0073-8301},
	Journal = {Inst. Hautes \'Etudes Sci. Publ. Math.},
	Mrclass = {14.20},
	Mrnumber = {0262240 (41 \#6850)},
	Mrreviewer = {Manfred Herrmann},
	Number = 36,
	Pages = {75--109},
	Title = {The irreducibility of the space of curves of given genus},
	Year = 1969}

@incollection{farkas09:_birat_m,
	Author = {Farkas, Gavril},
	Booktitle = {Surveys in differential geometry. {V}ol. {XIV}. {G}eometry of {R}iemann surfaces and their moduli spaces},
	Mrclass = {14H10 (14E08 14H51)},
	Mrnumber = {2655323 (2011g:14065)},
	Mrreviewer = {Montserrat Teixidor i Bigas},
	Pages = {57--110},
	Publisher = {Int. Press, Somerville, MA},
	Series = {Surv. Differ. Geom.},
	Title = {Birational aspects of the geometry of {$\overline{M}_g$}},
	Volume = 14,
	Year = 2009}

@article{afs:finite_hilbert_stability,
	Author = {Alper, Jarod and Fedorchuk, Maksym and Smyth, David Ishii},
	Coden = {INVMBH},
	Doi = {10.1007/s00222-012-0403-6},
	Fjournal = {Inventiones Mathematicae},
	Issn = {0020-9910},
	Journal = {Invent. Math.},
	Mrclass = {14L30 (14H10 14L24)},
	Mrnumber = {3020172},
	Mrreviewer = {Scott R. Nollet},
	Number = {3},
	Pages = {671--718},
	Title = {Finite {H}ilbert stability of (bi)canonical curves},
	Volume = {191},
	Year = {2013},
	Bdsk-Url-1 = {http://dx.doi.org/10.1007/s00222-012-0403-6}}

@article{ellenberg09:_homol_hurwit_cohen_lenst,
	Adsnote = {Provided by the SAO/NASA Astrophysics Data System},
	Adsurl = {http://adsabs.harvard.edu/abs/2009arXiv0912.0325E},
	Archiveprefix = {arXiv},
	Author = {{Ellenberg}, J.~S. and {Venkatesh}, A. and {Westerland}, C.},
	Eprint = {0912.0325},
	Journal = {ArXiv e-prints},
	Keywords = {Mathematics - Number Theory, Mathematics - Algebraic Topology, 11G20, 11S31, 55R80, 20J05, 14H10},
	Month = dec,
	Primaryclass = {math.NT},
	Title = {Homological stability for {Hurwitz} spaces and the {Cohen--Lenstra} conjecture over function fields},
	Year = 2009}

@article{abramovich11:_twist_artin,
	Author = {Abramovich, Dan and Olsson, Martin and Vistoli, Angelo},
	Doi = {10.1090/S1056-3911-2010-00569-3},
	Fjournal = {Journal of Algebraic Geometry},
	Issn = {1056-3911},
	Journal = {J. Algebraic Geom.},
	Mrclass = {14D23},
	Mrnumber = 2786662,
	Mrreviewer = {Hsian-Hua Tseng},
	Number = 3,
	Pages = {399--477},
	Title = {Twisted stable maps to tame {A}rtin stacks},
	Volume = 20,
	Year = 2011,
	Bdsk-Url-1 = {http://dx.doi.org/10.1090/S1056-3911-2010-00569-3}}

@article{olsson07:_log,
	Author = {Olsson, Martin C.},
	Fjournal = {Compositio Mathematica},
	Issn = {0010-437X},
	Journal = {Compos. Math.},
	Mrclass = {14D22 (14A20 14N35)},
	Mrnumber = {2309994 (2008d:14021)},
	Mrreviewer = {Charles D. Cadman},
	Number = 2,
	Pages = {476--494},
	Title = {({L}og) twisted curves},
	Volume = 143,
	Year = 2007}

@article{olsson03:_quot_delig_mumfor,
	Author = {Olsson, Martin and Starr, Jason},
	Coden = {COALDM},
	Doi = {10.1081/AGB-120022454},
	Fjournal = {Communications in Algebra},
	Issn = {0092-7872},
	Journal = {Comm. Algebra},
	Mrclass = {14A20 (14C05)},
	Mrnumber = {2007396 (2004i:14002)},
	Mrreviewer = {Ivan S. Kausz},
	Note = {Special issue in honor of Steven L. Kleiman},
	Number = 8,
	Pages = {4069--4096},
	Title = {Quot functors for {Deligne--Mumford} stacks},
	Volume = 31,
	Year = 2003,
	Bdsk-Url-1 = {http://dx.doi.org/10.1081/AGB-120022454}}

@article{nironi08:_modul_spaces_semis_sheav_projec,
	Adsnote = {Provided by the SAO/NASA Astrophysics Data System},
	Adsurl = {http://adsabs.harvard.edu/abs/2008arXiv0811.1949N},
	Archiveprefix = {arXiv},
	Author = {{Nironi}, F.},
	Eprint = {0811.1949},
	Journal = {arXiv:0811.1949, [math.AG]},
	Keywords = {Mathematics - Algebraic Geometry, Mathematics - Commutative Algebra},
	Month = nov,
	Primaryclass = {math.AG},
	Title = {Moduli Spaces of Semistable Sheaves on Projective {Deligne--Mumford} Stacks},
	Year = 2008}

@article{aoki05:_hom,
	Adsnote = {Provided by the SAO/NASA Astrophysics Data System},
	Adsurl = {http://adsabs.harvard.edu/abs/2005math......3358A},
	Author = {{Aoki}, M.},
	Eprint = {arXiv:math/0503358},
	Journal = {ArXiv Mathematics e-prints},
	Keywords = {Algebraic Geometry, 14A20, 14B12, 14K30},
	Month = mar,
	Title = {{Hom stacks}},
	Year = 2005}

@incollection{kresch09:_delig_mumfor,
	Address = {Providence, RI},
	Author = {Kresch, Andrew},
	Booktitle = {Algebraic geometry---{S}eattle 2005. {P}art 1},
	Mrclass = {14A20 (14D23 14L24)},
	Mrnumber = {2483938 (2011c:14006)},
	Mrreviewer = {Fabio Perroni},
	Pages = {259--271},
	Publisher = {Amer. Math. Soc.},
	Series = {Proc. Sympos. Pure Math.},
	Title = {On the geometry of {Deligne--Mumford} stacks},
	Volume = 80,
	Year = 2009}

@article{edidin01:_brauer,
	Author = {Edidin, Dan and Hassett, Brendan and Kresch, Andrew and Vistoli, Angelo},
	Coden = {AJMAAN},
	Fjournal = {American Journal of Mathematics},
	Issn = {0002-9327},
	Journal = {Amer. J. Math.},
	Mrclass = {14A20 (14F22)},
	Mrnumber = {1844577 (2002f:14002)},
	Mrreviewer = {Gabriele Vezzosi},
	Number = 4,
	Pages = {761--777},
	Title = {Brauer groups and quotient stacks},
	Volume = 123,
	Year = 2001}

@book{mumford08:_abelian,
	Author = {Mumford, David},
	Isbn = {978-81-85931-86-9; 81-85931-86-0},
	Mrclass = {14Kxx},
	Mrnumber = {2514037 (2010e:14040)},
	Note = {With appendices by C. P. Ramanujam and Yuri Manin, Corrected reprint of the second (1974) edition},
	Pages = {xii+263},
	Publisher = {Published for the Tata Institute of Fundamental Research, Bombay},
	Series = {Tata Institute of Fundamental Research Studies in Mathematics},
	Title = {Abelian varieties},
	Volume = 5,
	Year = 2008}

@article{schaps77:_defor_cohen_macaul_schem_codim,
	Author = {Schaps, Mary},
	Copyright = {Copyright {\copyright} 1977 The Johns Hopkins University Press},
	Fjournal = {American Journal of Mathematics},
	Issn = 00029327,
	Journal = {Amer. J. Math.},
	Jstor_Articletype = {research-article},
	Jstor_Formatteddate = {Aug., 1977},
	Language = {English},
	Number = 4,
	Pages = {pp. 669-685},
	Publisher = {The Johns Hopkins University Press},
	Title = {Deformations of {Cohen-Macaulay} Schemes of Codimension 2 and Non-Singular Deformations of Space Curves},
	Volume = 99,
	Year = 1977}

@article{vistoli89:_inter,
	Author = {Vistoli, Angelo},
	Coden = {INVMBH},
	Doi = {10.1007/BF01388892},
	Fjournal = {Inventiones Mathematicae},
	Issn = {0020-9910},
	Journal = {Invent. Math.},
	Mrclass = {14C17 (14A20 14D20)},
	Mrnumber = {1005008 (90k:14004)},
	Mrreviewer = {Steven E. Landsburg},
	Number = 3,
	Pages = {613--670},
	Title = {Intersection theory on algebraic stacks and on their moduli spaces},
	Volume = 97,
	Year = 1989,
	Bdsk-Url-1 = {http://dx.doi.org/10.1007/BF01388892}}

@article{mumford75:_pathol_iv,
	Author = {Mumford, David},
	Copyright = {Copyright {\copyright} 1975 The Johns Hopkins University Press},
	Fjournal = {American Journal of Mathematics},
	Issn = 00029327,
	Jstor_Articletype = {research-article},
	Jstor_Formatteddate = {Autumn, 1975},
	Language = {English},
	Number = 3,
	Pages = {pp. 847-849},
	Publisher = {The Johns Hopkins University Press},
	Title = {Pathologies {IV}},
	Volume = 97,
	Year = 1975}

@phdthesis{van_der_wyck:2010,
	Author = {van der Wyck, Frederick},
	School = {Harvard University},
	Title = {Moduli of singular curves and crimping},
	Year = 2010}

@article{miranda85:_tripl_cover_algeb_geomet,
	Author = {Miranda, Rick},
	Copyright = {Copyright {\copyright} 1985 The Johns Hopkins University Press},
	Fjournal = {American Journal of Mathematics},
	Issn = 00029327,
	Journal = {Amer. J. Math.},
	Jstor_Articletype = {research-article},
	Jstor_Formatteddate = {Oct., 1985},
	Language = {English},
	Number = 5,
	Pages = {1123--1158},
	Publisher = {The Johns Hopkins University Press},
	Title = {Triple Covers in Algebraic Geometry},
	Volume = 107,
	Year = 1985}

@unpublished{deligne00:_letter_gan_gross_savin,
	Author = {Deligne, Pierre},
	Month = {November},
	Note = {Available at \url{http://www.math.leidenuniv.nl/~jbrakenh/lowrank/}},
	Title = {Letter to {Gan}, {Gross} and {Savin}},
	Year = 2000}

@unpublished{deligne06:_letter_edixh,
	Author = {Deligne, Pierre},
	Month = {June},
	Note = {Available at \url{http://www.math.leidenuniv.nl/~jbrakenh/lowrank/}},
	Title = {Letter to {Edixhoven}},
	Year = 2006}

@article{gan02:_fourier_g,
	Author = {Gan, Wee Teck and Gross, Benedict and Savin, Gordan},
	Coden = {DUMJAO},
	Doi = {10.1215/S0012-7094-02-11514-2},
	Fjournal = {Duke Mathematical Journal},
	Issn = {0012-7094},
	Journal = {Duke Math. J.},
	Mrclass = {11F30 (11F55)},
	Mrnumber = {1932327 (2004a:11036)},
	Mrreviewer = {A. Raghuram},
	Number = 1,
	Pages = {105--169},
	Title = {Fourier coefficients of modular forms on {$G_2$}},
	Volume = 115,
	Year = 2002,
	Bdsk-Url-1 = {http://dx.doi.org/10.1215/S0012-7094-02-11514-2}}

@article{smyth11:_modul_ii,
	Author = {Smyth,David Ishii},
	Doi = {10.1112/S0010437X11005549},
	Eprint = {http://journals.cambridge.org/article_S0010437X11005549},
	Fjournal = {Compositio Mathematica},
	Journal = {Compos. Math.},
	Number = 06,
	Pages = {1843-1884},
	Title = {Modular compactifications of the space of pointed elliptic curves {II}},
	Volume = 147,
	Year = 2011,
	Bdsk-Url-1 = {http://dx.doi.org/10.1112/S0010437X11005549}}

@book{kollar96:_ration,
	Address = {Berlin},
	Author = {Koll{\'a}r, J{\'a}nos},
	Isbn = {3-540-60168-6},
	Mrclass = {14-02 (14C05 14E05 14F17 14J45)},
	Mrnumber = {1440180 (98c:14001)},
	Mrreviewer = {Yuri G. Prokhorov},
	Pages = {viii+320},
	Publisher = {Springer-Verlag},
	Series = {Ergebnisse der Mathematik und ihrer Grenzgebiete. 3. Folge. A Series of Modern Surveys in Mathematics [Results in Mathematics and Related Areas. 3rd Series. A Series of Modern Surveys in Mathematics]},
	Title = {Rational curves on algebraic varieties},
	Volume = 32,
	Year = 1996}

@article{kollar90:_projec,
	Author = {Koll{\'a}r, J{\'a}nos},
	Coden = {JDGEAS},
	Fjournal = {Journal of Differential Geometry},
	Issn = {0022-040X},
	Journal = {J. Differential Geom.},
	Mrclass = {14D22 (14H10 14J10)},
	Mrnumber = {1064874 (92e:14008)},
	Mrreviewer = {Autorreferat},
	Number = 1,
	Pages = {235--268},
	Title = {Projectivity of complete moduli},
	Volume = 32,
	Year = 1990}

@book{hartshorne77:_algeb,
	Address = {New York},
	Author = {Hartshorne, Robin},
	Isbn = {0-387-90244-9},
	Mrclass = {14-01},
	Mrnumber = {0463157 (57 \#3116)},
	Mrreviewer = {Robert Speiser},
	Note = {Graduate Texts in Mathematics, No. 52},
	Pages = {xvi+496},
	Publisher = {Springer-Verlag},
	Title = {Algebraic geometry},
	Year = 1977}

@book{laumon00:_champ,
	Address = {Berlin},
	Author = {Laumon, G{\'e}rard and Moret-Bailly, Laurent},
	Isbn = {3-540-65761-4},
	Mrclass = {14A20 (14D20)},
	Mrnumber = {1771927 (2001f:14006)},
	Mrreviewer = {Dan Edidin},
	Pages = {xii+208},
	Publisher = {Springer-Verlag},
	Series = {Ergebnisse der Mathematik und ihrer Grenzgebiete. 3. Folge. A Series of Modern Surveys in Mathematics [Results in Mathematics and Related Areas. 3rd Series. A Series of Modern Surveys in Mathematics]},
	Title = {Champs alg\'ebriques},
	Volume = 39,
	Year = 2000}

@article{ciocan-fontanine11:_stabl_git,
	Adsnote = {Provided by the SAO/NASA Astrophysics Data System},
	Adsurl = {http://adsabs.harvard.edu/abs/2011arXiv1106.3724C},
	Archiveprefix = {arXiv},
	Author = {{Ciocan-Fontanine}, I. and {Kim}, B. and {Maulik}, D.},
	Eprint = {1106.3724},
	Journal = {ArXiv e-prints},
	Keywords = {Mathematics - Algebraic Geometry, Mathematics - Symplectic Geometry, 14D20, 14D23, 14N35},
	Month = jun,
	Primaryclass = {math.AG},
	Title = {Stable quasimaps to {GIT} quotients},
	Year = 2011}

@article{goettsche12:_refin,
	Adsnote = {Provided by the SAO/NASA Astrophysics Data System},
	Adsurl = {http://adsabs.harvard.edu/abs/2012arXiv1208.1973G},
	Archiveprefix = {arXiv},
	Author = {{G{\"o}ttsche}, L. and {Shende}, V.},
	Eprint = {1208.1973},
	Journal = {ArXiv e-prints},
	Keywords = {Mathematics - Algebraic Geometry},
	Month = aug,
	Primaryclass = {math.AG},
	Title = {{Refined curve counting on complex surfaces}},
	Year = 2012}

@article{edidin12:_rieman_roch_delig_mumfor,
	Adsnote = {Provided by the SAO/NASA Astrophysics Data System},
	Adsurl = {http://adsabs.harvard.edu/abs/2012arXiv1205.4742E},
	Archiveprefix = {arXiv},
	Author = {{Edidin}, D.},
	Eprint = {1205.4742},
	Journal = {arXiv:1205.4742 [math.AG], to appear in the proceedings of {Joe} {Harris's} 60th birthday conference},
	Keywords = {Mathematics - Algebraic Geometry, Mathematics - K-Theory and Homology, 14C40, 19L10, 14A20},
	Month = may,
	Primaryclass = {math.AG},
	Title = {{Riemann-Roch for Deligne-Mumford stacks}},
	Year = 2012}

@article{d:marked_trigonal,
	Author = {Anand Deopurkar},
	Doi = {http://dx.doi.org/10.1016/j.aim.2013.08.002},
	Issn = {0001-8708},
	Journal = {Advances in Mathematics},
	Number = {0},
	Pages = {96 - 154},
	Title = {Modular compactifications of the space of marked trigonal curves},
	Volume = {248},
	Year = {2013},
	Bdsk-Url-1 = {http://dx.doi.org/10.1016/j.aim.2013.08.002}}

@article{smyth11:_modul_i,
	Author = {Smyth, David Ishii},
	Doi = {10.1112/S0010437X10005014},
	Fjournal = {Compositio Mathematica},
	Issn = {0010-437X},
	Journal = {Compos. Math.},
	Mrclass = {14D23 (14Gxx)},
	Mrnumber = 2801404,
	Number = 3,
	Pages = {877--913},
	Title = {Modular compactifications of the space of pointed elliptic curves {I}},
	Volume = 147,
	Year = 2011,
	Bdsk-Url-1 = {http://dx.doi.org/10.1112/S0010437X10005014}}

@article{chen08:_moris_konts_m_bbb_p,
	Author = {Chen, Dawei},
	Doi = {10.1093/imrn/rnn016},
	Fjournal = {International Mathematics Research Notices. IMRN},
	Issn = {1073-7928},
	Journal = {Int. Math. Res. Not. IMRN},
	Mrclass = {14D20 (14E30)},
	Mrnumber = {2439572 (2009f:14019)},
	Mrreviewer = {Hsian-Hua Tseng},
	Pages = {Art. ID rnn 067, 17},
	Title = {Mori's program for the {K}ontsevich moduli space {$\overline{\mathscr M}\sb {0,0}(\Bbb P\sp 3,3)$}},
	Year = 2008,
	Bdsk-Url-1 = {http://dx.doi.org/10.1093/imrn/rnn016}}

@article{fedorchuk12:_stabil_hilber_point_canon_curves,
	Author = {Fedorchuk, Maksym and Jensen, David},
	Doi = {10.1093/imrn/rns204},
	Fjournal = {International Mathematics Research Notices},
	Journal = {Int. Math. Res. Not. IMRN},
	Title = {Stability of 2nd Hilbert Points of Canonical Curves},
	Year = 2012,
	Bdsk-Url-1 = {http://dx.doi.org/10.1093/imrn/rns204}}

@article{beorchia12,
	Adsnote = {Provided by the SAO/NASA Astrophysics Data System},
	Adsurl = {http://adsabs.harvard.edu/abs/2012arXiv1209.3571B},
	Archiveprefix = {arXiv},
	Author = {{Beorchia}, V. and {Zucconi}, F.},
	Eprint = {1209.3571},
	Journal = {arXiv:1209.3571 [math.AG]},
	Keywords = {Mathematics - Algebraic Geometry},
	Month = sep,
	Primaryclass = {math.AG},
	Title = {{On the slope conjecture for the fourgonal locus in $\overline{M}_g$}},
	Year = 2012}

@article{barja09:_slopes,
	Author = {Barja, Miguel {\'A}ngel and Stoppino, Lidia},
	Fjournal = {Annali della Scuola Normale Superiore di Pisa. Classe di Scienze. Serie V},
	Issn = {0391-173X},
	Journal = {Ann. Sc. Norm. Super. Pisa Cl. Sci. (5)},
	Mrclass = {14J10 (14D06 14J29)},
	Mrnumber = {2647907 (2011h:14041)},
	Mrreviewer = {Roberto Pignatelli},
	Number = 4,
	Pages = {647--658},
	Title = {Slopes of trigonal fibred surfaces and of higher dimensional fibrations},
	Volume = 8,
	Year = 2009}

@article{eisenbud87:_kodair,
	Author = {Eisenbud, David and Harris, Joe},
	Coden = {INVMBH},
	Doi = {10.1007/BF01388710},
	Fjournal = {Inventiones Mathematicae},
	Issn = {0020-9910},
	Journal = {Invent. Math.},
	Mrclass = {14H10},
	Mrnumber = {910206 (88g:14027)},
	Mrreviewer = {R. F. Lax},
	Number = 2,
	Pages = {359--387},
	Title = {The {K}odaira dimension of the moduli space of curves of genus {$\geq 23$}},
	Volume = 90,
	Year = 1987,
	Bdsk-Url-1 = {http://dx.doi.org/10.1007/BF01388710}}

@article{deopurkar13:_compac_hurwit_spaces,
	Author = {Deopurkar, Anand},
	Doi = {10.1093/imrn/rnt060},
	Fjournal = {International Mathematics Research Notices},
	Journal = {Int. Math. Res. Not. IMRN},
	Title = {Compactifications of {Hurwitz} Spaces},
	Year = 2013,
	Bdsk-Url-1 = {http://dx.doi.org/10.1093/imrn/rnt060}}

@incollection{fedorchuk12:_alter_compac_modul_spaces_curves,
	Address = {Somerville, MA},
	Author = {Maksym Fedorchuk and David Ishii Smyth},
	Booktitle = {Handbook of Moduli: Volume I},
	Editor = {Farkas, Gavril and Morrison, Ian},
	Fpublisher = {International Press},
	Number = {24},
	Pages = {331--414},
	Publisher = {Int. Press},
	Series = {Adv. Lect. Math. (ALM)},
	Title = {Alternate Compactifications of Moduli Spaces of Curves},
	Year = 2013}

@article{vakil98:_recur,
	Archiveprefix = {arXiv},
	Author = {Ravi Vakil},
	Date = {1998-12-17},
	Eprint = {math/9812105},
	Eprinttype = {arxiv},
	Hyphenation = {american},
	Journal = {ArXiv e-prints},
	Title = {Recursions, formulas, and graph-theoretic interpretations of ramified coverings of the sphere by surfaces of genus 0 and 1},
	Year = 1998}

@article{pandharipande95:_canon_class_p_and_enumer_geomet,
	Archiveprefix = {arXiv},
	Author = {R. Pandharipande},
	Date = {1995-09-07},
	Eprint = {alg-geom/9509004},
	Eprinttype = {arxiv},
	Hyphenation = {american},
	Journal = {ArXiv e-prints},
	Title = {The Canonical Class of $\overline{M}_{0,n}(P^r,d)$ And Enumerative Geometry},
	Year = 1995}

@book{eisenbud00,
	Address = {New York},
	Author = {Eisenbud, David and Harris, Joe},
	Isbn = {0-387-98638-3; 0-387-98637-5},
	Mrclass = {14A15 (14-01 14C05 14H50 14N05)},
	Mrnumber = {1730819 (2001d:14002)},
	Mrreviewer = {Allen B. Altman},
	Pages = {x+294},
	Publisher = {Springer-Verlag},
	Series = {Graduate Texts in Mathematics},
	Title = {The geometry of schemes},
	Volume = 197,
	Year = 2000}

@incollection{MR951639,
	Address = {Berlin},
	Author = {Diaz, Steven and Harris, Joe},
	Booktitle = {Algebraic geometry ({S}undance, {UT}, 1986)},
	Doi = {10.1007/BFb0082907},
	Mrclass = {14H10 (14C22 14N10)},
	Mrnumber = {951639 (89g:14014)},
	Mrreviewer = {R. F. Lax},
	Pages = {23--50},
	Publisher = {Springer},
	Series = {Lecture Notes in Math.},
	Title = {Geometry of {S}everi varieties. {II}. {I}ndependence of divisor classes and examples},
	Volume = {1311},
	Year = {1988},
	Bdsk-Url-1 = {http://dx.doi.org/10.1007/BFb0082907}}

@book{GIT,
	Address = {Berlin},
	Author = {Mumford, David and Fogarty, John and Kirwan, Frances},
	Doi = {10.1007/978-3-642-57916-5},
	Edition = {Third},
	Isbn = {3-540-56963-4},
	Mrclass = {14D25 (58E05 58F05)},
	Mrnumber = {1304906 (95m:14012)},
	Mrreviewer = {Yi Hu},
	Pages = {xiv+292},
	Publisher = {Springer-Verlag},
	Series = {Ergebnisse der Mathematik und ihrer Grenzgebiete (2) [Results in Mathematics and Related Areas (2)]},
	Title = {Geometric invariant theory},
	Volume = 34,
	Year = 1994,
	Bdsk-Url-1 = {http://dx.doi.org/10.1007/978-3-642-57916-5}}

@article{CMJL:genus_4,
	Archiveprefix = {arXiv},
	Author = {Sebastian Casalaina-Martin and David Jensen and Radu Laza},
	Date = {2013-02-07},
	Eprint = {1203.5014},
	Eprinttype = {arxiv},
	Hyphenation = {american},
	Journal = {arXiv:1203.5014 [math.AG]},
	Title = {Log canonical models and variation of GIT for genus four canonical curves},
	Year = {2013}}

@article{fs:genus_5,
	Archiveprefix = {arXiv},
	Author = {Maksym Fedorchuk and David Ishii Smyth},
	Date = {2013-02-26},
	Eprint = {1302.4804},
	Eprinttype = {arxiv},
	Hyphenation = {american},
	Journal = {arXiv:1302.4804 [math.AG], to appear in the proceedings of {Joe} {Harris's} 60th birthday conference},
	Title = {Stability of genus five canonical curves},
	Year = 2013}

@article{dfs:syz_1,
	Author = {Anand Deopurkar and Maksym Fedorchuk and David Swinarski},
	Journal = {Algebraic Geometry},
	Title = {Towards the GIT stability of syzygies of canonical curves},
	Year = 2013}

@article{dp:pic_345,
	Author = {Anand {D}eopurkar and Anand {P}atel},
	Journal = {Algebra and Number Theory},
	Title = {The Picard rank conjecture for Hurwitz spaces of low degree},
	Year = 2015}

@article{vakil:12_points,
	Author = {Vakil, Ravi},
	Coden = {MAANA},
	Doi = {10.1007/PL00004469},
	Fjournal = {Mathematische Annalen},
	Issn = {0025-5831},
	Journal = {Math. Ann.},
	Mrclass = {14H45 (14H40 14J27 14N20)},
	Mrnumber = {1835061 (2002c:14051)},
	Mrreviewer = {I. Dolgachev},
	Number = {1},
	Pages = {33--54},
	Title = {Twelve points on the projective line, branched covers, and rational elliptic fibrations},
	Volume = {320},
	Year = {2001},
	Bdsk-Url-1 = {http://dx.doi.org/10.1007/PL00004469}}

@article{geemen:k3,
	Author = {van Geemen, Bert},
	Coden = {ADMTA4},
	Doi = {10.1016/j.aim.2004.10.004},
	Fjournal = {Advances in Mathematics},
	Issn = {0001-8708},
	Journal = {Adv. Math.},
	Mrclass = {14F22 (14E20 14J27 14J28)},
	Mrnumber = {2166182 (2006h:14025)},
	Mrreviewer = {Tihomir A. Petrov},
	Number = 1,
	Pages = {222--247},
	Title = {Some remarks on {B}rauer groups of {$K3$} surfaces},
	Volume = 197,
	Year = 2005,
	Bdsk-Url-1 = {http://dx.doi.org/10.1016/j.aim.2004.10.004}}

@incollection{aprodu_farkas:Koszul,
	Address = {Providence, RI},
	Author = {Aprodu, Marian and Farkas, Gavril},
	Booktitle = {Grassmannians, moduli spaces and vector bundles},
	Mrclass = {14H51 (13D02 14H10)},
	Mrnumber = {2807847 (2012m:14063)},
	Mrreviewer = {Andrea Bruno},
	Pages = {25--50},
	Publisher = {Amer. Math. Soc.},
	Series = {Clay Math. Proc.},
	Title = {Koszul cohomology and applications to moduli},
	Volume = 14,
	Year = 2011}

@article{green:Koszul1,
	Author = {Green, Mark L.},
	Coden = {JDGEAS},
	Fjournal = {Journal of Differential Geometry},
	Issn = {0022-040X},
	Journal = {J. Differential Geom.},
	Mrclass = {14F05 (14B12)},
	Mrnumber = {739785 (85e:14022)},
	Mrreviewer = {G. Horrocks},
	Number = 1,
	Pages = {125--171},
	Title = {Koszul cohomology and the geometry of projective varieties},
	Volume = 19,
	Year = 1984}

@article{voisin:green_even,
	Author = {Voisin, Claire},
	Doi = {10.1007/s100970200042},
	Fjournal = {Journal of the European Mathematical Society (JEMS)},
	Issn = {1435-9855},
	Journal = {J. Eur. Math. Soc. (JEMS)},
	Mrclass = {14H51 (14J28)},
	Mrnumber = {1941089 (2003i:14040)},
	Mrreviewer = {Jean D'Almeida},
	Number = {4},
	Pages = {363--404},
	Title = {Green's generic syzygy conjecture for curves of even genus lying on a {$K3$} surface},
	Volume = {4},
	Year = {2002},
	Bdsk-Url-1 = {http://dx.doi.org/10.1007/s100970200042}}

@article{voisin:green_odd,
	Author = {Voisin, Claire},
	Doi = {10.1112/S0010437X05001387},
	Fjournal = {Compositio Mathematica},
	Issn = {0010-437X},
	Journal = {Compos. Math.},
	Mrclass = {14H51 (14C20 14F17 14J28)},
	Mrnumber = {2157134 (2006c:14053)},
	Mrreviewer = {Montserrat Teixidor i Bigas},
	Number = {5},
	Pages = {1163--1190},
	Title = {Green's canonical syzygy conjecture for generic curves of odd genus},
	Volume = {141},
	Year = {2005},
	Bdsk-Url-1 = {http://dx.doi.org/10.1112/S0010437X05001387}}

@article{aprodu_farkas:green_k3,
	Author = {Aprodu, Marian and Farkas, Gavril},
	Doi = {10.1112/S0010437X10005099},
	Fjournal = {Compositio Mathematica},
	Issn = {0010-437X},
	Journal = {Compos. Math.},
	Mrclass = {14C20 (13D02 14J28)},
	Mrnumber = {2801402 (2012e:14006)},
	Mrreviewer = {Carlos Galindo},
	Number = {3},
	Pages = {839--851},
	Title = {Green's conjecture for curves on arbitrary {$K3$} surfaces},
	Volume = {147},
	Year = {2011},
	Bdsk-Url-1 = {http://dx.doi.org/10.1112/S0010437X10005099}}

@article{deopurkar_patel:sharp_trigonal,
	Adsnote = {Provided by the SAO/NASA Astrophysics Data System},
	Archiveprefix = {arXiv},
	Author = {{Deopurkar}, A. and {Patel}, A.},
	Eprint = {1211.2827},
	Journal = {arXiv:1211.2827 [math.AG], To appear in Math. Res. Lett.},
	Keywords = {Mathematics - Algebraic Geometry},
	Month = nov,
	Primaryclass = {math.AG},
	Title = {{Sharp slope bounds for sweeping families of trigonal curves}},
	Year = 2012}

@phdthesis{patel:2013,
	Author = {Patel, Anand},
	School = {Harvard University},
	Title = {Geometry of {Hurwitz} Spaces},
	Year = 2013}

@article{fedorchuk:2007,
	Adsnote = {Provided by the SAO/NASA Astrophysics Data System},
	Archiveprefix = {arXiv},
	Author = {{Fedorchuk}, M.},
	Eprint = {0710.1623},
	Journal = {arXiv:0710.1623 [math.AG]},
	Keywords = {Mathematics - Algebraic Geometry, 14H10, 14H50, 14N10},
	Month = oct,
	Primaryclass = {math.AG},
	Title = {{Linear sections of the Severi variety and moduli of curves}},
	Year = 2007}

@article{hasset:local_stable_reduction,
	Author = {Hassett, Brendan},
	Coden = {JRMAA8},
	Doi = {10.1515/crll.2000.020},
	Fjournal = {Journal f\"ur die Reine und Angewandte Mathematik},
	Issn = {0075-4102},
	Journal = {J. Reine Angew. Math.},
	Mrclass = {14H20 (14E15 14E30 14J17)},
	Mrnumber = {1748273 (2001d:14029)},
	Mrreviewer = {I. Dolgachev},
	Pages = {169--194},
	Title = {Local stable reduction of plane curve singularities},
	Volume = {520},
	Year = {2000},
	Bdsk-Url-1 = {http://dx.doi.org/10.1515/crll.2000.020}}

@incollection{alexeev:log_surfaces,
	Address = {Berlin},
	Author = {Alexeev, Valery},
	Booktitle = {Higher-dimensional complex varieties ({T}rento, 1994)},
	Mrclass = {14D20 (14D22 14J10)},
	Mrnumber = {1463171 (99b:14010)},
	Mrreviewer = {Wolfgang K. Seiler},
	Pages = {1--22},
	Publisher = {de Gruyter},
	Title = {Moduli spaces {$M_{g,n}(W)$} for surfaces},
	Year = {1996}}

@article{kollar_shep-barron:surfaces,
	Author = {Koll{\'a}r, J. and Shepherd-Barron, N. I.},
	Coden = {INVMBH},
	Doi = {10.1007/BF01389370},
	Fjournal = {Inventiones Mathematicae},
	Issn = {0020-9910},
	Journal = {Invent. Math.},
	Mrclass = {14J10 (14D20 14J30 32G10 32G13)},
	Mrnumber = {922803 (88m:14022)},
	Mrreviewer = {Yujiro Kawamata},
	Number = {2},
	Pages = {299--338},
	Title = {Threefolds and deformations of surface singularities},
	Volume = {91},
	Year = {1988},
	Bdsk-Url-1 = {http://dx.doi.org/10.1007/BF01389370}}

@article{harer:Pic_Mg,
	Author = {Harer, John},
	Coden = {INVMBH},
	Doi = {10.1007/BF01389321},
	Fjournal = {Inventiones Mathematicae},
	Issn = {0020-9910},
	Journal = {Invent. Math.},
	Mrclass = {57M99 (20F34 57M05)},
	Mrnumber = {700769 (84g:57006)},
	Mrreviewer = {W. D. Neumann},
	Number = {2},
	Pages = {221--239},
	Title = {The second homology group of the mapping class group of an orientable surface},
	Volume = {72},
	Year = {1983},
	Bdsk-Url-1 = {http://dx.doi.org/10.1007/BF01389321}}

@article{fong:ribbons,
	Author = {Fong, Lung-Ying},
	Fjournal = {Journal of Algebraic Geometry},
	Issn = {1056-3911},
	Journal = {J. Algebraic Geom.},
	Mrclass = {14H10 (14D15)},
	Mrnumber = {1203687 (94c:14020)},
	Mrreviewer = {Angelo Lopez},
	Number = {2},
	Pages = {295--307},
	Title = {Rational ribbons and deformation of hyperelliptic curves},
	Volume = {2},
	Year = {1993}}

@article{cornalba:pic_hyper,
	Author = {Cornalba, Maurizio},
	Doi = {10.4171/RLM/483},
	Fjournal = {Atti della Accademia Nazionale dei Lincei. Classe di Scienze Fisiche, Matematiche e Naturali. Rendiconti Lincei. Serie IX. Matematica e Applicazioni},
	Issn = {1120-6330},
	Journal = {Atti Accad. Naz. Lincei Cl. Sci. Fis. Mat. Natur. Rend. Lincei (9) Mat. Appl.},
	Mrclass = {14D20 (14C22 14H60)},
	Mrnumber = {2314467 (2008b:14017)},
	Mrreviewer = {Hsian-Hua Tseng},
	Number = 1,
	Pages = {109--115},
	Title = {The {P}icard group of the moduli stack of stable hyperelliptic curves},
	Volume = 18,
	Year = 2007,
	Bdsk-Url-1 = {http://dx.doi.org/10.4171/RLM/483}}

@article{tyomkin:irred,
	Author = {Tyomkin, Ilya},
	Doi = {10.1093/imrn/rnm109},
	Fjournal = {International Mathematics Research Notices. IMRN},
	Issn = {1073-7928},
	Journal = {Int. Math. Res. Not. IMRN},
	Mrclass = {14H10 (14C20 14D05 14D15 14J25)},
	Mrnumber = {2380003 (2008m:14048)},
	Mrreviewer = {Dmitry Kerner},
	Number = {23},
	Pages = {Art. ID rnm109, 31},
	Title = {On {S}everi varieties on {H}irzebruch surfaces},
	Url = {http://dx.doi.org/10.1093/imrn/rnm109},
	Year = {2007},
	Bdsk-Url-1 = {http://dx.doi.org/10.1093/imrn/rnm109}}

@article{ohbuchi:relations,
	Author = {Ohbuchi, Akira},
	Coden = {JMTUBZ},
	Fjournal = {Journal of Mathematics. Tokushima University},
	Issn = {0075-4293},
	Journal = {J. Math. Tokushima Univ.},
	Mrclass = {14C20 (14H40)},
	Mrnumber = {1618986 (99b:14005)},
	Mrreviewer = {Montserrat Teixidor i Bigas},
	Pages = {7--10},
	Title = {On some numerical relations of {$d$}-gonal linear systems},
	Volume = {31},
	Year = {1997}}

@article{harrisdiaz:geom_severi,
	Author = {Diaz, Steven and Harris, Joe},
	Coden = {TAMTAM},
	Doi = {10.2307/2001156},
	Fjournal = {Transactions of the American Mathematical Society},
	Issn = {0002-9947},
	Journal = {Trans. Amer. Math. Soc.},
	Mrclass = {14H10},
	Mrnumber = {957060 (89i:14018)},
	Mrreviewer = {H. Lange},
	Number = 1,
	Pages = {1--34},
	Title = {Geometry of the {S}everi variety},
	Url = {http://dx.doi.org/10.2307/2001156},
	Volume = 309,
	Year = 1988,
	Bdsk-Url-1 = {http://dx.doi.org/10.2307/2001156}}

@article{coppens_existence,
	Author = {Coppens, Marc},
	Coden = {OJMAA7},
	Fjournal = {Osaka Journal of Mathematics},
	Issn = {0030-6126},
	Journal = {Osaka J. Math.},
	Mrclass = {14C20 (14H45 14H51)},
	Mrnumber = {1745644 (2001g:14006)},
	Mrreviewer = {A. R. Shastri},
	Number = {4},
	Pages = {1049--1057},
	Title = {Existence of pencils with prescribed scrollar invariants of some general type},
	Url = {http://projecteuclid.org/getRecord?id=euclid.ojm/1200788879},
	Volume = {36},
	Year = {1999},
	Bdsk-Url-1 = {http://projecteuclid.org/getRecord?id=euclid.ojm/1200788879}}

@article{joe:severi,
	Author = {Harris, Joe},
	Coden = {INVMBH},
	Doi = {10.1007/BF01388741},
	Fjournal = {Inventiones Mathematicae},
	Issn = {0020-9910},
	Journal = {Invent. Math.},
	Mrclass = {14H10 (14H20)},
	Mrnumber = {837522 (87f:14012)},
	Mrreviewer = {R. F. Lax},
	Number = 3,
	Pages = {445--461},
	Title = {On the {S}everi problem},
	Url = {http://dx.doi.org/10.1007/BF01388741},
	Volume = 84,
	Year = 1986,
	Bdsk-Url-1 = {http://dx.doi.org/10.1007/BF01388741}}
